<?xml version="1.0" encoding="UTF-8"?><collection xmlns="http://www.loc.gov/MARC21/slim"><record><leader>00333nam--2200133-i-4500</leader><controlfield tag="001">000045234</controlfield><controlfield tag="002">20161230</controlfield><controlfield tag="005">20161230201044</controlfield><controlfield tag="008">060222s1000------------r-----000-0-eng-d</controlfield><datafield ind1=" " ind2=" " tag="080"><subfield code="a">547.7/8</subfield></datafield><datafield ind1=" " ind2=" " tag="245"><subfield code="a">Topics in heterocyclic chemistry</subfield></datafield><datafield ind1=" " ind2=" " tag="260"><subfield code="a">New York, Wiley-interscience, 1969, 264p</subfield></datafield><datafield ind1=" " ind2=" " tag="700"><subfield code="a">Raymondn.Castle</subfield></datafield><datafield ind1=" " ind2=" " tag="852"><subfield code="a">36256</subfield></datafield></record></collection>